@inproceedings{barjot2020,
       author = {{Barjot}, K. and {Huby}, E. and {Vievard}, S. and {Cvetojevic}, N. and {Lacour}, S. and {Martin}, G. and {Deo}, V. and {Lapeyrere}, V. and {Rouan}, D. and {Guyon}, O. and {Lozi}, J. and {Jovanovic}, N. and {Cassagnettes}, C. and {Perrin}, G. and {Marchis}, F. and {Duch{\^e}ne}, G. and {Kotani}, T.},
        title = "{Laboratory characterization of FIRSTv2 photonic chip for the study of substellar companions}",
     keywords = {Astrophysics - Instrumentation and Methods for Astrophysics},
    booktitle = {Society of Photo-Optical Instrumentation Engineers (SPIE) Conference Series},
         year = 2020,
       series = {Society of Photo-Optical Instrumentation Engineers (SPIE) Conference Series},
       volume = {11446},
        month = dec,
          eid = {1144623},
        pages = {1144623},
          doi = {10.1117/12.2561713},
archivePrefix = {arXiv},
       eprint = {2102.06470},
 primaryClass = {astro-ph.IM},
       adsurl = {https://ui.adsabs.harvard.edu/abs/2020SPIE11446E..23B},
      adsnote = {Provided by the SAO/NASA Astrophysics Data System}, 
      url = {https://doi.org/10.1117/12.2561713}
}

@inproceedings{millour2004,
  title={Data reduction for the AMBER instrument},
  author={Millour, Florentin and Tatulli, Eric and Chelli, Alain E and Duvert, Gilles and Zins, Gerard and Acke, Bram and Malbet, Fabien},
  booktitle={New Frontiers in Stellar Interferometry},
  volume={5491},
  pages={1222--1230},
  year={2004},
  organization={SPIE}, 
  url = {https://doi.org/10.1117/12.551596}
}

@article{huby2012,
  title={FIRST, a fibered aperture masking instrument-I. First on-sky test results},
  author={Huby, Elsa and Perrin, G and Marchis, F and Lacour, S and Kotani, T and Duch{\^e}ne, G and Choquet, E and Gates, EL and Woillez, JM and Lai, O and others},
  journal={Astronomy \& Astrophysics},
  volume={541},
  pages={A55},
  year={2012},
  publisher={EDP Sciences}, 
  url = {https://doi.org/10.1051/0004-6361/201118517}
}

@article{vievard2022, 
  title={\textcolor{red}{In prep., bib to be completed.}}, 
  author={Vievard, Sebastien}, 
  journal = {A\&A},
  year={2022}, 
  url = {}
}

@book{buscher2015, 
  place={Cambridge}, 
  series={Cambridge Observing Handbooks for Research Astronomers}, 
  title={Practical Optical Interferometry: Imaging at Visible and Infrared Wavelengths}, 
  DOI={10.1017/CBO9781107323933}, 
  publisher={Cambridge University Press}, 
  author={Buscher, David F. and Longair, Malcolm}, 
  year={2015}, 
  collection={Cambridge Observing Handbooks for Research Astronomers}, 
  url = {https://doi.org/10.1017/CBO9781107323933}
}

@article{tatulli2007,
	author = {{Tatulli, E.} and {Millour, F.} and {Chelli, A.} and {Duvert, G.} and {Acke, B.} and {Hernandez Utrera, O.} and {Hofmann, K.-H.} and {Kraus, S.} and {Malbet, F.} and {M\`ege, P.} and {Petrov, R. G.} and {Vannier, M.} and {Zins, G.} and {Antonelli, P.} and {Beckmann, U.} and {Bresson, Y.} and {Dugu\'e, M.} and {Gennari, S.} and {Gl\"uck, L.} and {Kern, P.} and {Lagarde, S.} and {Le Coarer, E.} and {Lisi, F.} and {Perraut, K.} and {Puget, P.} and {Rantakyr\"o, F.} and {Robbe-Dubois, S.} and {Roussel, A.} and {Weigelt, G.} and {Accardo, M.} and {Agabi, K.} and {Altariba, E.} and {Arezki, B.} and {Aristidi, E.} and {Baffa, C.} and {Behrend, J.} and {Bl\"ocker, T.} and {Bonhomme, S.} and {Busoni, S.} and {Cassaing, F.} and {Clausse, J.-M.} and {Colin, J.} and {Connot, C.} and {Delboulb\'e, A.} and {Domiciano de Souza, A.} and {Driebe, T.} and {Feautrier, P.} and {Ferruzzi, D.} and {Forveille, T.} and {Fossat, E.} and {Foy, R.} and {Fraix-Burnet, D.} and {Gallardo, A.} and {Giani, E.} and {Gil, C.} and {Glentzlin, A.} and {Heiden, M.} and {Heininger, M.} and {Kamm, D.} and {Kiekebusch, M.} and {Le Contel, D.} and {Le Contel, J.-M.} and {Lesourd, T.} and {Lopez, B.} and {Lopez, M.} and {Magnard, Y.} and {Marconi, A.} and {Mars, G.} and {Martinot-Lagarde, G.} and {Mathias, P.} and {Monin, J.-L.} and {Mouillet, D.} and {Mourard, D.} and {Nussbaum, E.} and {Ohnaka, K.} and {Pacheco, J.} and {Perrier, C.} and {Rabbia, Y.} and {Rebattu, S.} and {Reynaud, F.} and {Richichi, A.} and {Robini, A.} and {Sacchettini, M.} and {Schertl, D.} and {Sch\"oller, M.} and {Solscheid, W.} and {Spang, A.} and {Stee, P.} and {Stefanini, P.} and {Tallon, M.} and {Tallon-Bosc, I.} and {Tasso, D.} and {Testi, L.} and {Vakili, F.} and {von der L\"uhe, O.} and {Valtier, J.-C.} and {Ventura, N.}},
	title = {Interferometric data reduction with AMBER/VLTI.  Principle,
 estimators, and illustration *},
	DOI= "10.1051/0004-6361:20064799",
	url= "https://doi.org/10.1051/0004-6361:20064799",
	journal = {A\&A},
	year = 2007,
	volume = 464,
	number = 1,
	pages = "29-42",
}

@inproceedings{millour2008,
  title={AMBER closure and differential phases: accuracy and calibration with a Beam Commutation},
  author={Millour, Florentin and Petrov, Romain G and Vannier, Martin and Kraus, Stefan},
  booktitle={Optical and Infrared Interferometry},
  volume={7013},
  pages={459--470},
  year={2008},
  organization={SPIE}, 
  url = {https://doi.org/10.1117/12.788689}
}

@inproceedings{lapeyrere2014,
    author = {V. Lapeyrere and P. Kervella and S. Lacour and N. Azouaoui and C. E. Garcia-Dabo and G. Perrin and F. Eisenhauer and K. Perraut and C. Straubmeier and A. Amorim and W. Brandner},
    title = {{GRAVITY data reduction software}},
    volume = {9146},
    booktitle = {Optical and Infrared Interferometry IV},
    editor = {Jayadev K. Rajagopal and Michelle J. Creech-Eakman and Fabien Malbet},
    organization = {International Society for Optics and Photonics},
    publisher = {SPIE},
    pages = {91462D},
    keywords = {GRAVITY, Data reduction, Pipeline, Visibility, P2VM, Interferometry},
    year = {2014},
    doi = {10.1117/12.2056850},
    URL = {https://doi.org/10.1117/12.2056850}
}

@ARTICLE{sturm2018,
      author = {{Gravity Collaboration} and {Sturm}, E. and {Dexter}, J. and {Pfuhl}, O. and {Stock}, M.~R. and {Davies}, R.~I. and {Lutz}, D. and {Cl{\'e}net}, Y. and {Eckart}, A. and {Eisenhauer}, F. and {Genzel}, R. and {Gratadour}, D. and {H{\"o}nig}, S.~F. and {Kishimoto}, M. and {Lacour}, S. and {Millour}, F. and {Netzer}, H. and {Perrin}, G. and {Peterson}, B.~M. and {Petrucci}, P.~O. and {Rouan}, D. and {Waisberg}, I. and {Woillez}, J. and {Amorim}, A. and {Brandner}, W. and {F{\"o}rster Schreiber}, N.~M. and {Garcia}, P.~J.~V. and {Gillessen}, S. and {Ott}, T. and {Paumard}, T. and {Perraut}, K. and {Scheithauer}, S. and {Straubmeier}, C. and {Tacconi}, L.~J. and {Widmann}, F.},
        title = "{Spatially resolved rotation of the broad-line region of a quasar at sub-parsec scale}",
      journal = {\nat},
     keywords = {Astrophysics - Astrophysics of Galaxies},
         year = 2018,
        month = nov,
      volume = {563},
      number = {7733},
        pages = {657-660},
          doi = {10.1038/s41586-018-0731-9},
archivePrefix = {arXiv},
      eprint = {1811.11195},
 primaryClass = {astro-ph.GA},
      adsurl = {https://ui.adsabs.harvard.edu/abs/2018Natur.563..657G},
      adsnote = {Provided by the SAO/NASA Astrophysics Data System}, 
      url = {https://doi.org/10.1038/s41586-018-0731-9}
}

@phdthesis{millour2006,
  TITLE = {Interf{\'e}rom{\'e}trie diff{\'e}rentielle avec AMBER},
  AUTHOR = {Millour, Florentin},
  URL = {https://theses.hal.science/tel-00134268},
  SCHOOL = {{Universit{\'e} Joseph-Fourier - Grenoble I}},
  YEAR = {2006},
  MONTH = Dec,
  KEYWORDS = {Optical long baseline interferometry ; differential phase ; interf{\'e}rom{\'e}trie optique {\`a} longue base ; AMBER ; VLTI ; phase diff{\'e}rentielle},
  TYPE = {Theses},
  PDF = {https://theses.hal.science/tel-00134268/file/Manuscrit_final.pdf},
  HAL_ID = {tel-00134268},
  HAL_VERSION = {v1},
}

@ARTICLE{amorim2020,
      author = {{GRAVITY Collaboration} and {Amorim}, A. and {Baub{\"o}ck}, M. and {Brandner}, W. and {Cl{\'e}net}, Y. and {Davies}, R. and {de Zeeuw}, P.~T. and {Dexter}, J. and {Eckart}, A. and {Eisenhauer}, F. and {F{\"o}rster Schreiber}, N.~M. and {Gao}, F. and {Garcia}, P.~J.~V. and {Genzel}, R. and {Gillessen}, S. and {Gratadour}, D. and {H{\"o}nig}, S. and {Kishimoto}, M. and {Lacour}, S. and {Lutz}, D. and {Millour}, F. and {Netzer}, H. and {Ott}, T. and {Paumard}, T. and {Perraut}, K. and {Perrin}, G. and {Peterson}, B.~M. and {Petrucci}, P.~O. and {Pfuhl}, O. and {Prieto}, M.~A. and {Rouan}, D. and {Shangguan}, J. and {Shimizu}, T. and {Schartmann}, M. and {Stadler}, J. and {Sternberg}, A. and {Straub}, O. and {Straubmeier}, C. and {Sturm}, E. and {Tacconi}, L.~J. and {Tristram}, K.~R.~W. and {Vermot}, P. and {von Fellenberg}, S. and {Waisberg}, I. and {Widmann}, F. and {Woillez}, J.},
        title = "{The spatially resolved broad line region of IRAS 09149-6206}",
      journal = {\aap},
     keywords = {galaxies: active, galaxies: nuclei, galaxies: Seyfert, quasars: supermassive black holes, techniques: interferometric, Astrophysics - Astrophysics of Galaxies, Astrophysics - High Energy Astrophysical Phenomena},
         year = 2020,
        month = nov,
      volume = {643},
          eid = {A154},
        pages = {A154},
          doi = {10.1051/0004-6361/202039067},
archivePrefix = {arXiv},
      eprint = {2009.08463},
 primaryClass = {astro-ph.GA},
      adsurl = {https://ui.adsabs.harvard.edu/abs/2020A&A...643A.154G},
      adsnote = {Provided by the SAO/NASA Astrophysics Data System}, 
      url = {https://doi.org/10.1051/0004-6361/202039067}
}

@ARTICLE{lagrange2010,
       author = {{Lagrange}, A. -M. and {Bonnefoy}, M. and {Chauvin}, G. and {Apai}, D. and {Ehrenreich}, D. and {Boccaletti}, A. and {Gratadour}, D. and {Rouan}, D. and {Mouillet}, D. and {Lacour}, S. and {Kasper}, M.},
        title = "{A Giant Planet Imaged in the Disk of the Young Star {\ensuremath{\beta}} Pictoris}",
      journal = {Science},
     keywords = {ASTRONOMY, Astrophysics - Earth and Planetary Astrophysics},
         year = 2010,
        month = jul,
       volume = {329},
       number = {5987},
        pages = {57},
          doi = {10.1126/science.1187187},
archivePrefix = {arXiv},
       eprint = {1006.3314},
 primaryClass = {astro-ph.EP},
       adsurl = {https://ui.adsabs.harvard.edu/abs/2010Sci...329...57L},
      adsnote = {Provided by the SAO/NASA Astrophysics Data System}, 
      url = {https://doi.org/10.1126/science.1187187}
}

@book{safronov1972,
	author = {Viktor Sergeevich Safronov},
	publisher = {Israel Program for Scientific Translations},
	year = {1972},
	title = {Evolution of the Protoplanetary Cloud and Formation of the Earth and the Planets}
}

@ARTICLE{pollack1996,
      author = {{Pollack}, James B. and {Hubickyj}, Olenka and {Bodenheimer}, Peter and {Lissauer}, Jack J. and {Podolak}, Morris and {Greenzweig}, Yuval},
        title = "{Formation of the Giant Planets by Concurrent Accretion of Solids and Gas}",
      journal = {\icarus},
         year = 1996,
        month = nov,
      volume = {124},
      number = {1},
        pages = {62-85},
          doi = {10.1006/icar.1996.0190},
      adsurl = {https://ui.adsabs.harvard.edu/abs/1996Icar..124...62P},
      adsnote = {Provided by the SAO/NASA Astrophysics Data System}, 
      url = {https://doi.org/10.1006/icar.1996.0190}
}

@ARTICLE{nayakshin2017,
       author = {{Nayakshin}, Sergei},
        title = "{Dawes Review 7: The Tidal Downsizing Hypothesis of Planet Formation}",
      journal = {\pasa},
     keywords = {accretion, accretion disks, planets and satellites: formation, protoplanetary disks, planet disk interactions, stars: formation, Astrophysics - Earth and Planetary Astrophysics},
         year = 2017,
        month = jan,
       volume = {34},
          eid = {e002},
        pages = {e002},
          doi = {10.1017/pasa.2016.55},
archivePrefix = {arXiv},
       eprint = {1609.07503},
 primaryClass = {astro-ph.EP},
       adsurl = {https://ui.adsabs.harvard.edu/abs/2017PASA...34....2N},
      adsnote = {Provided by the SAO/NASA Astrophysics Data System}, 
      url = {https://doi.org/10.1017/pasa.2016.55}
}

@ARTICLE{boley2010,
       author = {{Boley}, Aaron C. and {Hayfield}, Tristen and {Mayer}, Lucio and {Durisen}, Richard H.},
        title = "{Clumps in the outer disk by disk instability: Why they are initially gas giants and the legacy of disruption}",
      journal = {\icarus},
     keywords = {Astrophysics - Earth and Planetary Astrophysics},
         year = 2010,
        month = jun,
       volume = {207},
       number = {2},
        pages = {509-516},
          doi = {10.1016/j.icarus.2010.01.015},
archivePrefix = {arXiv},
       eprint = {0909.4543},
 primaryClass = {astro-ph.EP},
       adsurl = {https://ui.adsabs.harvard.edu/abs/2010Icar..207..509B},
      adsnote = {Provided by the SAO/NASA Astrophysics Data System}, 
      url = {https://doi.org/10.1016/j.icarus.2010.01.015}
}

@ARTICLE{williams2011,
       author = {{Williams}, Jonathan P. and {Cieza}, Lucas A.},
        title = "{Protoplanetary Disks and Their Evolution}",
      journal = {\araa},
     keywords = {Astrophysics - Galaxy Astrophysics, Astrophysics - Earth and Planetary Astrophysics, Astrophysics - Solar and Stellar Astrophysics},
         year = 2011,
        month = sep,
       volume = {49},
       number = {1},
        pages = {67-117},
          doi = {10.1146/annurev-astro-081710-102548},
archivePrefix = {arXiv},
       eprint = {1103.0556},
 primaryClass = {astro-ph.GA},
       adsurl = {https://ui.adsabs.harvard.edu/abs/2011ARA&A..49...67W},
      adsnote = {Provided by the SAO/NASA Astrophysics Data System}, 
      url = {https://doi.org/10.1146/annurev-astro-081710-102548}
}

@ARTICLE{wyatt2008,
       author = {{Wyatt}, M.~C.},
        title = "{Evolution of debris disks.}",
      journal = {\araa},
         year = 2008,
        month = sep,
       volume = {46},
        pages = {339-383},
          doi = {10.1146/annurev.astro.45.051806.110525},
       adsurl = {https://ui.adsabs.harvard.edu/abs/2008ARA&A..46..339W},
      adsnote = {Provided by the SAO/NASA Astrophysics Data System}, 
      url = {https://doi.org/10.1146/annurev.astro.45.051806.110525}
}

@ARTICLE{wagner2018,
       author = {{Wagner}, Kevin and {Follete}, Katherine B. and {Close}, Laird M. and {Apai}, D{\'a}niel and {Gibbs}, Aidan and {Keppler}, Miriam and {M{\"u}ller}, Andr{\'e} and {Henning}, Thomas and {Kasper}, Markus and {Wu}, Ya-Lin and {Long}, Joseph and {Males}, Jared and {Morzinski}, Katie and {McClure}, Melissa},
        title = "{Magellan Adaptive Optics Imaging of PDS 70: Measuring the Mass Accretion Rate of a Young Giant Planet within a Gapped Disk}",
      journal = {\apjl},
     keywords = {planet{\textendash}disk interactions, planets and satellites: detection, planets and satellites: formation, stars: pre-main sequence, Astrophysics - Earth and Planetary Astrophysics, Astrophysics - Solar and Stellar Astrophysics},
         year = 2018,
        month = aug,
       volume = {863},
       number = {1},
          eid = {L8},
        pages = {L8},
          doi = {10.3847/2041-8213/aad695},
archivePrefix = {arXiv},
       eprint = {1807.10766},
 primaryClass = {astro-ph.EP},
       adsurl = {https://ui.adsabs.harvard.edu/abs/2018ApJ...863L...8W},
      adsnote = {Provided by the SAO/NASA Astrophysics Data System}, 
      url = {https://doi.org/10.3847/2041-8213/aad695}
}

@ARTICLE{haffert2019,
       author = {{Haffert}, S.~Y. and {Bohn}, A.~J. and {de Boer}, J. and {Snellen}, I.~A.~G. and {Brinchmann}, J. and {Girard}, J.~H. and {Keller}, C.~U. and {Bacon}, R.},
        title = "{Two accreting protoplanets around the young star PDS 70}",
      journal = {Nature Astronomy},
     keywords = {Astrophysics - Earth and Planetary Astrophysics},
         year = 2019,
        month = jun,
       volume = {3},
        pages = {749-754},
          doi = {10.1038/s41550-019-0780-5},
archivePrefix = {arXiv},
       eprint = {1906.01486},
 primaryClass = {astro-ph.EP},
       adsurl = {https://ui.adsabs.harvard.edu/abs/2019NatAs...3..749H},
      adsnote = {Provided by the SAO/NASA Astrophysics Data System}, 
      url = {https://doi.org/10.1038/s41550-019-0780-5}
}

@ARTICLE{thanathibodee2019,
       author = {{Thanathibodee}, Thanawuth and {Calvet}, Nuria and {Bae}, Jaehan and {Muzerolle}, James and {Hern{\'a}ndez}, Ramiro Franco},
        title = "{Magnetospheric Accretion as a Source of H{\ensuremath{\alpha}} Emission from Protoplanets around PDS 70}",
      journal = {\apj},
     keywords = {Accretion, Exoplanet formation, H I line emission, Protoplanetary disks, T Tauri stars, 14, 492, 690, 1300, 1681, Astrophysics - Earth and Planetary Astrophysics, Astrophysics - Solar and Stellar Astrophysics},
         year = 2019,
        month = nov,
       volume = {885},
       number = {1},
          eid = {94},
        pages = {94},
          doi = {10.3847/1538-4357/ab44c1},
archivePrefix = {arXiv},
       eprint = {1909.06450},
 primaryClass = {astro-ph.EP},
       adsurl = {https://ui.adsabs.harvard.edu/abs/2019ApJ...885...94T},
      adsnote = {Provided by the SAO/NASA Astrophysics Data System}, 
      url = {https://doi.org/10.3847/1538-4357/ab44c1}
}

@ARTICLE{thanathibodee2020,
       author = {{Thanathibodee}, Thanawuth and {Molina}, Brandon and {Calvet}, Nuria and {Serna}, Javier and {Bae}, Jaehan and {Reynolds}, Mark and {Hern{\'a}ndez}, Jes{\'u}s and {Muzerolle}, James and {Hern{\'a}ndez}, Ramiro Franco},
        title = "{Variable Accretion onto Protoplanet Host Star PDS 70}",
      journal = {\apj},
     keywords = {Stellar accretion, Accretion, Protoplanetary disks, H I line emission, T Tauri stars, 1578, 14, 1300, 690, 1681, Astrophysics - Solar and Stellar Astrophysics, Astrophysics - Earth and Planetary Astrophysics},
         year = 2020,
        month = apr,
       volume = {892},
       number = {2},
          eid = {81},
        pages = {81},
          doi = {10.3847/1538-4357/ab77c1},
archivePrefix = {arXiv},
       eprint = {2002.07283},
 primaryClass = {astro-ph.SR},
       adsurl = {https://ui.adsabs.harvard.edu/abs/2020ApJ...892...81T},
      adsnote = {Provided by the SAO/NASA Astrophysics Data System}, 
      url = {https://doi.org/10.3847/1538-4357/ab77c1}
}

@article{muzerolle2001,
	doi = {10.1086/319779},
	url = {https://doi.org/10.1086/319779},
	year = 2001,
	month = {apr},
	publisher = {American Astronomical Society},
	volume = {550},
	number = {2},
	pages = {944--961},
	author = {James Muzerolle and Nuria Calvet and Lee Hartmann},
	title = {Emission-Line Diagnostics of T Tauri Magnetospheric Accretion. {II}. Improved Model Tests and Insights into Accretion Physics},
	journal = {The Astrophysical Journal}
}

@ARTICLE{natta2004,
       author = {{Natta}, A. and {Testi}, L. and {Muzerolle}, J. and {Randich}, S. and {Comer{\'o}n}, F. and {Persi}, P.},
        title = "{Accretion in brown dwarfs: An infrared view}",
      journal = {\aap},
     keywords = {stars: low-mass, brown dwarfs, stars: formation, stars: activity, line: profiles, accretion, accretion disks, Astrophysics},
         year = 2004,
        month = sep,
       volume = {424},
        pages = {603-612},
          doi = {10.1051/0004-6361:20040356},
archivePrefix = {arXiv},
       eprint = {astro-ph/0406106},
 primaryClass = {astro-ph},
       adsurl = {https://ui.adsabs.harvard.edu/abs/2004A&A...424..603N},
      adsnote = {Provided by the SAO/NASA Astrophysics Data System}, 
      url = {https://doi.org/10.1051/0004-6361:20040356}
}

@article{espaillat2008,
	doi = {10.1086/595869},
	url = {https://doi.org/10.1086/595869},
	year = 2008,
	month = {nov},
	publisher = {American Astronomical Society},
	volume = {689},
	number = {2},
	pages = {L145--L148},
	author = {C. Espaillat and J. Muzerolle and J. Hern{\'{a}}ndez and C. Brice{\~{n}}o and N. Calvet and P. D{\textquotesingle}Alessio and M. McClure and D. M. Watson and L. Hartmann and B. Sargent},
	title = {A Slowly Accreting {\textasciitilde}10 Myr-old Transitional Disk in Orion {OB}1a},
	journal = {The Astrophysical Journal}
}

@ARTICLE{alcala2014,
       author = {{Alcal{\'a}}, J.~M. and {Natta}, A. and {Manara}, C.~F. and {Spezzi}, L. and {Stelzer}, B. and {Frasca}, A. and {Biazzo}, K. and {Covino}, E. and {Randich}, S. and {Rigliaco}, E. and {Testi}, L. and {Comer{\'o}n}, F. and {Cupani}, G. and {D'Elia}, V.},
        title = "{X-shooter spectroscopy of young stellar objects. IV. Accretion in low-mass stars and substellar objects in Lupus}",
      journal = {\aap},
     keywords = {stars: pre-main sequence, stars: low-mass, accretion, accretion disks, line: formation, line: identification, open clusters and associations: individual: Lupus, Astrophysics - Solar and Stellar Astrophysics},
         year = 2014,
        month = jan,
       volume = {561},
          eid = {A2},
        pages = {A2},
          doi = {10.1051/0004-6361/201322254},
archivePrefix = {arXiv},
       eprint = {1310.2069},
 primaryClass = {astro-ph.SR},
       adsurl = {https://ui.adsabs.harvard.edu/abs/2014A&A...561A...2A},
      adsnote = {Provided by the SAO/NASA Astrophysics Data System}, 
      url = {https://doi.org/10.1051/0004-6361/201322254}
}

@ARTICLE{alcala2017,
       author = {{Alcal{\'a}}, J.~M. and {Manara}, C.~F. and {Natta}, A. and {Frasca}, A. and {Testi}, L. and {Nisini}, B. and {Stelzer}, B. and {Williams}, J.~P. and {Antoniucci}, S. and {Biazzo}, K. and {Covino}, E. and {Esposito}, M. and {Getman}, F. and {Rigliaco}, E.},
        title = "{X-shooter spectroscopy of young stellar objects in Lupus. Accretion properties of class II and transitional objects}",
      journal = {\aap},
     keywords = {stars: pre-main sequence, stars: low-mass, accretion, accretion disks, open clusters and associations: individual: Lupus, Astrophysics - Solar and Stellar Astrophysics, Astrophysics - Astrophysics of Galaxies},
         year = 2017,
        month = apr,
       volume = {600},
          eid = {A20},
        pages = {A20},
          doi = {10.1051/0004-6361/201629929},
archivePrefix = {arXiv},
       eprint = {1612.07054},
 primaryClass = {astro-ph.SR},
       adsurl = {https://ui.adsabs.harvard.edu/abs/2017A&A...600A..20A},
      adsnote = {Provided by the SAO/NASA Astrophysics Data System}, 
      url = {https://doi.org/10.1051/0004-6361/201629929}
}

@ARTICLE{appenzeller1989,
       author = {{Appenzeller}, I. and {Mundt}, R.},
        title = "{T Tauri stars}",
      journal = {\aapr},
     keywords = {Stellar Evolution, Stellar Spectrophotometry, T Tauri Stars, Accretion Disks, Astronomical Models, Binary Stars, Spectral Energy Distribution, Stellar Envelopes, Stellar Spectra, Stellar Winds, Astrophysics, star formation, pre-main sequence stars, circumstellar matter, mass loss, accretion disks},
         year = 1989,
        month = nov,
       volume = {1},
       number = {3-4},
        pages = {291-334},
          doi = {10.1007/BF00873081},
       adsurl = {https://ui.adsabs.harvard.edu/abs/1989A&ARv...1..291A},
      adsnote = {Provided by the SAO/NASA Astrophysics Data System}, 
      url = {https://doi.org/10.1007/BF00873081}
}

@ARTICLE{aoyama2018,
       author = {{Aoyama}, Yuhiko and {Ikoma}, Masahiro and {Tanigawa}, Takayuki},
        title = "{Theoretical Model of Hydrogen Line Emission from Accreting Gas Giants}",
      journal = {\apj},
     keywords = {accretion, accretion disks, line: formation, planets and satellites: detection, planets and satellites: formation, radiative transfer, Astrophysics - Earth and Planetary Astrophysics},
         year = 2018,
        month = oct,
       volume = {866},
       number = {2},
          eid = {84},
        pages = {84},
          doi = {10.3847/1538-4357/aadc11},
archivePrefix = {arXiv},
       eprint = {1808.06776},
 primaryClass = {astro-ph.EP},
       adsurl = {https://ui.adsabs.harvard.edu/abs/2018ApJ...866...84A},
      adsnote = {Provided by the SAO/NASA Astrophysics Data System}, 
      url = {https://doi.org/10.3847/1538-4357/aadc11}
}

@ARTICLE{aoyama2019,
       author = {{Aoyama}, Yuhiko and {Ikoma}, Masahiro},
        title = "{Constraining Planetary Gas Accretion Rate from H{\ensuremath{\alpha}} Line Width and Intensity: Case of PDS 70 b and c}",
      journal = {\apjl},
     keywords = {Accretion, Shocks, Extrasolar gas giants, Planet formation, Exoplanet formation, H I line emission, Line intensities, 14, 2086, 509, 1241, 492, 690, 2084, Astrophysics - Earth and Planetary Astrophysics},
         year = 2019,
        month = nov,
       volume = {885},
       number = {2},
          eid = {L29},
        pages = {L29},
          doi = {10.3847/2041-8213/ab5062},
archivePrefix = {arXiv},
       eprint = {1909.08175},
 primaryClass = {astro-ph.EP},
       adsurl = {https://ui.adsabs.harvard.edu/abs/2019ApJ...885L..29A},
      adsnote = {Provided by the SAO/NASA Astrophysics Data System}, 
      url = {https://doi.org/10.3847/2041-8213/ab5062}
}

@ARTICLE{aoyama2020,
       author = {{Aoyama}, Yuhiko and {Marleau}, Gabriel-Dominique and {Mordasini}, Christoph and {Ikoma}, Masahiro},
        title = "{Spectral appearance of the planetary-surface accretion shock: Global spectra and hydrogen-line profiles and fluxes}",
      journal = {arXiv e-prints},
     keywords = {Astrophysics - Earth and Planetary Astrophysics},
         year = 2020,
        month = nov,
          eid = {arXiv:2011.06608},
        pages = {arXiv:2011.06608},
archivePrefix = {arXiv},
       eprint = {2011.06608},
 primaryClass = {astro-ph.EP},
       adsurl = {https://ui.adsabs.harvard.edu/abs/2020arXiv201106608A},
      adsnote = {Provided by the SAO/NASA Astrophysics Data System}, 
      url = {https://doi.org/10.48550/arXiv.2011.06608}
}

@ARTICLE{boccaletti2020,
       author = {{Boccaletti}, A. and {Di Folco}, E. and {Pantin}, E. and {Dutrey}, A. and {Guilloteau}, S. and {Tang}, Y.~W. and {Pi{\'e}tu}, V. and {Habart}, E. and {Milli}, J. and {Beck}, T.~L. and {Maire}, A. -L.},
        title = "{Possible evidence of ongoing planet formation in AB Aurigae. A showcase of the SPHERE/ALMA synergy}",
      journal = {\aap},
     keywords = {stars: individual: AB Aur, protoplanetary disks, planet-disk interactions, techniques: image processing, techniques: high angular resolution, Astrophysics - Earth and Planetary Astrophysics, Astrophysics - Astrophysics of Galaxies, Astrophysics - Solar and Stellar Astrophysics},
         year = 2020,
        month = may,
       volume = {637},
          eid = {L5},
        pages = {L5},
          doi = {10.1051/0004-6361/202038008},
archivePrefix = {arXiv},
       eprint = {2005.09064},
 primaryClass = {astro-ph.EP},
       adsurl = {https://ui.adsabs.harvard.edu/abs/2020A&A...637L...5B},
      adsnote = {Provided by the SAO/NASA Astrophysics Data System}, 
      url = {https://doi.org/10.1051/0004-6361/202038008}
}

@ARTICLE{marleau2022,
       author = {{Marleau}, G. -D. and {Aoyama}, Y. and {Kuiper}, R. and {Follette}, K. and {Turner}, N.~J. and {Cugno}, G. and {Manara}, C.~F. and {Haffert}, S.~Y. and {Kitzmann}, D. and {Ringqvist}, S.~C. and {Wagner}, K.~R. and {van Boekel}, R. and {Sallum}, S. and {Janson}, M. and {Schmidt}, T.~O.~B. and {Venuti}, L. and {Lovis}, Ch. and {Mordasini}, C.},
        title = "{Accreting protoplanets: Spectral signatures and magnitude of gas and dust extinction at H {\ensuremath{\alpha}}}",
      journal = {\aap},
     keywords = {accretion, accretion disks, planets and satellites: gaseous planets, planets and satellites: detection, planets and satellites: formation, methods: analytical, radiative transfer, Astrophysics - Earth and Planetary Astrophysics, Astrophysics - Solar and Stellar Astrophysics},
         year = 2022,
        month = jan,
       volume = {657},
          eid = {A38},
        pages = {A38},
          doi = {10.1051/0004-6361/202037494},
archivePrefix = {arXiv},
       eprint = {2111.12099},
 primaryClass = {astro-ph.EP},
       adsurl = {https://ui.adsabs.harvard.edu/abs/2022A&A...657A..38M},
      adsnote = {Provided by the SAO/NASA Astrophysics Data System}, 
      url = {https://doi.org/10.1051/0004-6361/202037494}
}

@ARTICLE{rigliaco2012,
       author = {{Rigliaco}, E. and {Natta}, A. and {Testi}, L. and {Randich}, S. and {Alcal{\`a}}, J.~M. and {Covino}, E. and {Stelzer}, B.},
        title = "{X-shooter spectroscopy of young stellar objects. I. Mass accretion rates of low-mass T Tauri stars in {\ensuremath{\sigma}} Orionis}",
      journal = {\aap},
     keywords = {stars: low-mass, accretion, accretion disks, line: formation, open clusters and associations: individual:{\ensuremath{\sigma}}Orionis, Astrophysics - Solar and Stellar Astrophysics},
         year = 2012,
        month = dec,
       volume = {548},
          eid = {A56},
        pages = {A56},
          doi = {10.1051/0004-6361/201219832},
archivePrefix = {arXiv},
       eprint = {1209.5799},
 primaryClass = {astro-ph.SR},
       adsurl = {https://ui.adsabs.harvard.edu/abs/2012A&A...548A..56R},
      adsnote = {Provided by the SAO/NASA Astrophysics Data System}, 
      url = {https://doi.org/10.1051/0004-6361/201219832}
}

@article{close2014,
    doi = {10.1088/2041-8205/781/2/L30},
    url = {https://dx.doi.org/10.1088/2041-8205/781/2/L30},
    year = {2014},
    month = {jan},
    publisher = {The American Astronomical Society},
    volume = {781},
    number = {2},
    pages = {L30},
    author = {L. M. Close and K. B. Follette and J. R. Males and A. Puglisi and M. Xompero and D. Apai and J. Najita and A. J. Weinberger and K. Morzinski and T. J. Rodigas and P. Hinz and V. Bailey and R. Briguglio},
    title = {DISCOVERY OF H{\ensuremath{\alpha}} EMISSION FROM THE CLOSE COMPANION INSIDE THE GAP OF TRANSITIONAL DISK HD 142527*},
    journal = {The Astrophysical Journal Letters},
}

@article{gullbring1998,
    doi = {10.1086/305032},
    url = {https://dx.doi.org/10.1086/305032},
    year = {1998},
    month = {jan},
    publisher = {},
    volume = {492},
    number = {1},
    pages = {323},
    author = {Erik Gullbring and Lee Hartmann and Cesar Briceño and Nuria Calvet},
    title = {Disk Accretion Rates for T Tauri Stars*},
    journal = {The Astrophysical Journal}
}

@article{ingleby2013,
    doi = {10.1088/0004-637X/767/2/112},
    url = {https://dx.doi.org/10.1088/0004-637X/767/2/112},
    year = {2013},
    month = {apr},
    publisher = {The American Astronomical Society},
    volume = {767},
    number = {2},
    pages = {112},
    author = {Laura Ingleby and Nuria Calvet and Gregory Herczeg and Alex Blaty and Frederick Walter and David Ardila and Richard Alexander and Suzan Edwards and Catherine Espaillat and Scott G. Gregory and Lynne Hillenbrand and Alexander Brown},
    title = {ACCRETION RATES FOR T TAURI STARS USING NEARLY SIMULTANEOUS ULTRAVIOLET AND OPTICAL SPECTRA},
    journal = {The Astrophysical Journal}
}

@ARTICLE{hashimoto2020,
       author = {{Hashimoto}, Jun and {Aoyama}, Yuhiko and {Konishi}, Mihoko and {Uyama}, Taichi and {Takasao}, Shinsuke and {Ikoma}, Masahiro and {Tanigawa}, Takayuki},
        title = "{Accretion Properties of PDS 70b with MUSE}",
      journal = {\aj},
     keywords = {Accretion, Exoplanet formation, Direct imaging, 14, 492, 387, Astrophysics - Earth and Planetary Astrophysics, Astrophysics - Solar and Stellar Astrophysics},
         year = 2020,
        month = may,
       volume = {159},
       number = {5},
          eid = {222},
        pages = {222},
          doi = {10.3847/1538-3881/ab811e},
archivePrefix = {arXiv},
       eprint = {2003.07922},
 primaryClass = {astro-ph.EP},
       adsurl = {https://ui.adsabs.harvard.edu/abs/2020AJ....159..222H},
      adsnote = {Provided by the SAO/NASA Astrophysics Data System}, 
      url = {https://doi.org/10.3847/1538-3881/ab811e}
}

@ARTICLE{fang2009,
       author = {{Fang}, M. and {van Boekel}, R. and {Wang}, W. and {Carmona}, A. and {Sicilia-Aguilar}, A. and {Henning}, Th.},
        title = "{Star and protoplanetary disk properties in Orion's suburbs}",
      journal = {\aap},
     keywords = {surveys, stars: pre-main sequence, planetary systems: protoplanetary disks, accretion, accretion disks, Astrophysics - Solar and Stellar Astrophysics},
         year = 2009,
        month = sep,
       volume = {504},
       number = {2},
        pages = {461-489},
          doi = {10.1051/0004-6361/200912468},
archivePrefix = {arXiv},
       eprint = {0907.2380},
 primaryClass = {astro-ph.SR},
       adsurl = {https://ui.adsabs.harvard.edu/abs/2009A&A...504..461F},
      adsnote = {Provided by the SAO/NASA Astrophysics Data System}, 
      url = {https://doi.org/10.1051/0004-6361/200912468}
}

@ARTICLE{currie2019,
       author = {{Currie}, Thayne and {Marois}, Christian and {Cieza}, Lucas and {Mulders}, Gijs D. and {Lawson}, Kellen and {Caceres}, Claudio and {Rodriguez-Ruiz}, Dary and {Wisniewski}, John and {Guyon}, Olivier and {Brandt}, Timothy D. and {Kasdin}, N. Jeremy and {Groff}, Tyler D. and {Lozi}, Julien and {Chilcote}, Jeffrey and {Hodapp}, Klaus and {Jovanovic}, Nemanja and {Martinache}, Frantz and {Skaf}, Nour and {Lyra}, Wladimir and {Tamura}, Motohide and {Asensio-Torres}, Ruben and {Dong}, Ruobing and {Grady}, Carol and {Gerard}, Benjamin and {Fukagawa}, Misato and {Hand}, Derek and {Hayashi}, Masahiko and {Henning}, Thomas and {Kudo}, Tomoyuki and {Kuzuhara}, Masayuki and {Kwon}, Jungmi and {McElwain}, Michael W. and {Uyama}, Taichi},
        title = "{No Clear, Direct Evidence for Multiple Protoplanets Orbiting LkCa 15: LkCa 15 bcd are Likely Inner Disk Signals}",
      journal = {\apjl},
     keywords = {instrumentation: high angular resolution, planetary systems, stars: individual: LkCa 15, stars: variables: T Tauri, Herbig Ae/Be, techniques: image processing, Astrophysics - Earth and Planetary Astrophysics, Astrophysics - Instrumentation and Methods for Astrophysics, Astrophysics - Solar and Stellar Astrophysics},
         year = 2019,
        month = may,
       volume = {877},
       number = {1},
          eid = {L3},
        pages = {L3},
          doi = {10.3847/2041-8213/ab1b42},
archivePrefix = {arXiv},
       eprint = {1905.04322},
 primaryClass = {astro-ph.EP},
       adsurl = {https://ui.adsabs.harvard.edu/abs/2019ApJ...877L...3C},
      adsnote = {Provided by the SAO/NASA Astrophysics Data System}, 
      url = {https://dx.doi.org/10.3847/2041-8213/ab1b42}
}

@ARTICLE{mendigutia2018,
       author = {{Mendigut{\'\i}a}, I. and {Oudmaijer}, R.~D. and {Schneider}, P.~C. and {Hu{\'e}lamo}, N. and {Baines}, D. and {Brittain}, S.~D. and {Aberasturi}, M.},
        title = "{Spectro-astrometry of the pre-transitional star LkCa 15 does not reveal an accreting planet but extended H{\ensuremath{\alpha}} emission}",
      journal = {\aap},
     keywords = {stars: pre-main sequence, protoplanetary disks, stars: individual: LkCa 15, techniques: high angular resolution, techniques: spectroscopic, Astrophysics - Solar and Stellar Astrophysics, Astrophysics - Earth and Planetary Astrophysics, Astrophysics - Instrumentation and Methods for Astrophysics},
         year = 2018,
        month = oct,
       volume = {618},
          eid = {L9},
        pages = {L9},
          doi = {10.1051/0004-6361/201834233},
archivePrefix = {arXiv},
       eprint = {1810.04181},
 primaryClass = {astro-ph.SR},
       adsurl = {https://ui.adsabs.harvard.edu/abs/2018A&A...618L...9M},
      adsnote = {Provided by the SAO/NASA Astrophysics Data System}, 
      url = {https://doi.org/10.1051/0004-6361/201834233}
}

@ARTICLE{sallum2015,
       author = {{Sallum}, S. and {Follette}, K.~B. and {Eisner}, J.~A. and {Close}, L.~M. and {Hinz}, P. and {Kratter}, K. and {Males}, J. and {Skemer}, A. and {Macintosh}, B. and {Tuthill}, P. and {Bailey}, V. and {Defr{\`e}re}, D. and {Morzinski}, K. and {Rodigas}, T. and {Spalding}, E. and {Vaz}, A. and {Weinberger}, A.~J.},
        title = "{Accreting protoplanets in the LkCa 15 transition disk}",
      journal = {\nat},
     keywords = {Astrophysics - Earth and Planetary Astrophysics},
         year = 2015,
        month = nov,
       volume = {527},
       number = {7578},
        pages = {342-344},
          doi = {10.1038/nature15761},
archivePrefix = {arXiv},
       eprint = {1511.07456},
 primaryClass = {astro-ph.EP},
       adsurl = {https://ui.adsabs.harvard.edu/abs/2015Natur.527..342S},
      adsnote = {Provided by the SAO/NASA Astrophysics Data System}, 
      url = {https://doi.org/10.1038/nature15761}
}

@ARTICLE{kraus2012,
       author = {{Kraus}, Adam L. and {Ireland}, Michael J.},
        title = "{LkCa 15: A Young Exoplanet Caught at Formation?}",
      journal = {\apj},
     keywords = {planets and satellites: detection, planets and satellites: formation, protoplanetary disks, stars: individual: LkCa 15, stars: pre-main sequence, Astrophysics - Earth and Planetary Astrophysics},
         year = 2012,
        month = jan,
       volume = {745},
       number = {1},
          eid = {5},
        pages = {5},
          doi = {10.1088/0004-637X/745/1/5},
archivePrefix = {arXiv},
       eprint = {1110.3808},
 primaryClass = {astro-ph.EP},
       adsurl = {https://ui.adsabs.harvard.edu/abs/2012ApJ...745....5K},
      adsnote = {Provided by the SAO/NASA Astrophysics Data System}, 
      url = {https://dx.doi.org/10.1088/0004-637X/745/1/5}
}

@ARTICLE{betti2022,
       author = {{Betti}, S.~K. and {Follette}, K.~B. and {Ward-Duong}, K. and {Aoyama}, Y. and {Marleau}, G. -D. and {Bary}, J. and {Robinson}, C. and {Janson}, M. and {Balmer}, W. and {Chauvin}, G. and {Palma-Bifani}, P.},
        title = "{Near-infrared Accretion Signatures from the Circumbinary Planetary-mass Companion Delorme 1 (AB)b}",
      journal = {\apjl},
     keywords = {Planet formation, Accretion, Stellar accretion disks, 1241, 14, 1579, Astrophysics - Earth and Planetary Astrophysics, Astrophysics - Solar and Stellar Astrophysics},
         year = 2022,
        month = aug,
       volume = {935},
       number = {1},
          eid = {L18},
        pages = {L18},
          doi = {10.3847/2041-8213/ac85ef},
archivePrefix = {arXiv},
       eprint = {2208.05016},
 primaryClass = {astro-ph.EP},
       adsurl = {https://ui.adsabs.harvard.edu/abs/2022ApJ...935L..18B},
      adsnote = {Provided by the SAO/NASA Astrophysics Data System}, 
      url = {https://dx.doi.org/10.3847/2041-8213/ac85ef}
}

@ARTICLE{keppler2018,
       author = {{Keppler}, M. and {Benisty}, M. and {M{\"u}ller}, A. and {Henning}, Th. and {van Boekel}, R. and {Cantalloube}, F. and {Ginski}, C. and {van Holstein}, R.~G. and {Maire}, A. -L. and {Pohl}, A. and {Samland}, M. and {Avenhaus}, H. and {Baudino}, J. -L. and {Boccaletti}, A. and {de Boer}, J. and {Bonnefoy}, M. and {Chauvin}, G. and {Desidera}, S. and {Langlois}, M. and {Lazzoni}, C. and {Marleau}, G. -D. and {Mordasini}, C. and {Pawellek}, N. and {Stolker}, T. and {Vigan}, A. and {Zurlo}, A. and {Birnstiel}, T. and {Brandner}, W. and {Feldt}, M. and {Flock}, M. and {Girard}, J. and {Gratton}, R. and {Hagelberg}, J. and {Isella}, A. and {Janson}, M. and {Juhasz}, A. and {Kemmer}, J. and {Kral}, Q. and {Lagrange}, A. -M. and {Launhardt}, R. and {Matter}, A. and {M{\'e}nard}, F. and {Milli}, J. and {Molli{\`e}re}, P. and {Olofsson}, J. and {P{\'e}rez}, L. and {Pinilla}, P. and {Pinte}, C. and {Quanz}, S.~P. and {Schmidt}, T. and {Udry}, S. and {Wahhaj}, Z. and {Williams}, J.~P. and {Buenzli}, E. and {Cudel}, M. and {Dominik}, C. and {Galicher}, R. and {Kasper}, M. and {Lannier}, J. and {Mesa}, D. and {Mouillet}, D. and {Peretti}, S. and {Perrot}, C. and {Salter}, G. and {Sissa}, E. and {Wildi}, F. and {Abe}, L. and {Antichi}, J. and {Augereau}, J. -C. and {Baruffolo}, A. and {Baudoz}, P. and {Bazzon}, A. and {Beuzit}, J. -L. and {Blanchard}, P. and {Brems}, S.~S. and {Buey}, T. and {De Caprio}, V. and {Carbillet}, M. and {Carle}, M. and {Cascone}, E. and {Cheetham}, A. and {Claudi}, R. and {Costille}, A. and {Delboulb{\'e}}, A. and {Dohlen}, K. and {Fantinel}, D. and {Feautrier}, P. and {Fusco}, T. and {Giro}, E. and {Gluck}, L. and {Gry}, C. and {Hubin}, N. and {Hugot}, E. and {Jaquet}, M. and {Le Mignant}, D. and {Llored}, M. and {Madec}, F. and {Magnard}, Y. and {Martinez}, P. and {Maurel}, D. and {Meyer}, M. and {M{\"o}ller-Nilsson}, O. and {Moulin}, T. and {Mugnier}, L. and {Orign{\'e}}, A. and {Pavlov}, A. and {Perret}, D. and {Petit}, C. and {Pragt}, J. and {Puget}, P. and {Rabou}, P. and {Ramos}, J. and {Rigal}, F. and {Rochat}, S. and {Roelfsema}, R. and {Rousset}, G. and {Roux}, A. and {Salasnich}, B. and {Sauvage}, J. -F. and {Sevin}, A. and {Soenke}, C. and {Stadler}, E. and {Suarez}, M. and {Turatto}, M. and {Weber}, L.},
        title = "{Discovery of a planetary-mass companion within the gap of the transition disk around PDS 70}",
      journal = {\aap},
     keywords = {stars: individual: PDS 70, techniques: high angular resolution, protoplanetary disks, scattering, radiative transfer, planets and satellites: detection, Astrophysics - Earth and Planetary Astrophysics},
         year = 2018,
        month = sep,
       volume = {617},
          eid = {A44},
        pages = {A44},
          doi = {10.1051/0004-6361/201832957},
archivePrefix = {arXiv},
       eprint = {1806.11568},
 primaryClass = {astro-ph.EP},
       adsurl = {https://ui.adsabs.harvard.edu/abs/2018A&A...617A..44K},
      adsnote = {Provided by the SAO/NASA Astrophysics Data System}, 
      url = {https://doi.org/10.1051/0004-6361/201832957}
}

@ARTICLE{muller2018, 
       author = {{M{\"u}ller}, A. and {Keppler}, M. and {Henning}, Th. and {Samland}, M. and {Chauvin}, G. and {Beust}, H. and {Maire}, A. -L. and {Molaverdikhani}, K. and {van Boekel}, R. and {Benisty}, M. and {Boccaletti}, A. and {Bonnefoy}, M. and {Cantalloube}, F. and {Charnay}, B. and {Baudino}, J. -L. and {Gennaro}, M. and {Long}, Z.~C. and {Cheetham}, A. and {Desidera}, S. and {Feldt}, M. and {Fusco}, T. and {Girard}, J. and {Gratton}, R. and {Hagelberg}, J. and {Janson}, M. and {Lagrange}, A. -M. and {Langlois}, M. and {Lazzoni}, C. and {Ligi}, R. and {M{\'e}nard}, F. and {Mesa}, D. and {Meyer}, M. and {Molli{\`e}re}, P. and {Mordasini}, C. and {Moulin}, T. and {Pavlov}, A. and {Pawellek}, N. and {Quanz}, S.~P. and {Ramos}, J. and {Rouan}, D. and {Sissa}, E. and {Stadler}, E. and {Vigan}, A. and {Wahhaj}, Z. and {Weber}, L. and {Zurlo}, A.},
        title = "{Orbital and atmospheric characterization of the planet within the gap of the PDS 70 transition disk}",
      journal = {\aap},
     keywords = {planets and satellites: atmospheres, planets and satellites: individual: PDS 70, techniques: spectroscopic, astrometry, methods: observational, Astrophysics - Earth and Planetary Astrophysics},
         year = 2018,
        month = sep,
       volume = {617},
          eid = {L2},
        pages = {L2},
          doi = {10.1051/0004-6361/201833584},
archivePrefix = {arXiv},
       eprint = {1806.11567},
 primaryClass = {astro-ph.EP},
       adsurl = {https://ui.adsabs.harvard.edu/abs/2018A&A...617L...2M},
      adsnote = {Provided by the SAO/NASA Astrophysics Data System}, 
      url = {https://doi.org/10.1051/0004-6361/201833584}
}

@ARTICLE{eriksson2020,
       author = {{Eriksson}, Simon C. and {Asensio Torres}, Rub{\'e}n and {Janson}, Markus and {Aoyama}, Yuhiko and {Marleau}, Gabriel-Dominique and {Bonnefoy}, Mickael and {Petrus}, Simon},
        title = "{Strong H{\ensuremath{\alpha}} emission and signs of accretion in a circumbinary planetary mass companion from MUSE}",
      journal = {\aap},
     keywords = {planets and satellites: individual: 2MASS J01033563-5515561 (AB)b (Delorme 1 (AB)b), planetary systems, accretion, accretion disks, stars: low-mass, techniques: imaging spectroscopy, Astrophysics - Earth and Planetary Astrophysics, Astrophysics - Instrumentation and Methods for Astrophysics, Astrophysics - Solar and Stellar Astrophysics},
         year = 2020,
        month = jun,
       volume = {638},
          eid = {L6},
        pages = {L6},
          doi = {10.1051/0004-6361/202038131},
archivePrefix = {arXiv},
       eprint = {2005.11725},
 primaryClass = {astro-ph.EP},
       adsurl = {https://ui.adsabs.harvard.edu/abs/2020A&A...638L...6E},
      adsnote = {Provided by the SAO/NASA Astrophysics Data System}, 
      url = {https://doi.org/10.1051/0004-6361/202038131}
}

@INPROCEEDINGS{ringqvist2021, 
       author = {{Ringqvist}, Simon C. and {Asensio Torres}, Rub{\'e}n and {Janson}, Markus and {Aoyama}, Yuhiko and {Marleau}, Gabriel-Dominique and {Bonnefoy}, Mickael and {Petrus}, Simon},
        title = "{Strong H-alpha emission and signs of accretion in a circumbinary planetary mass companion from MUSE}",
     keywords = {Circumbinary, Exoplanet, Accretion, Young stars, Very low mass stars},
    booktitle = {The 20.5th Cambridge Workshop on Cool Stars, Stellar Systems, and the Sun (CS20.5)},
         year = 2021,
       series = {Cambridge Workshop on Cool Stars, Stellar Systems, and the Sun},
        month = mar,
          eid = {3},
        pages = {3},
          doi = {10.5281/zenodo.4548117},
       adsurl = {https://ui.adsabs.harvard.edu/abs/2021csss.confE...3R},
      adsnote = {Provided by the SAO/NASA Astrophysics Data System}, 
      url = {https://doi.org/10.5281/zenodo.4548117}
}

@ARTICLE{reggiani2018,
       author = {{Reggiani}, M. and {Christiaens}, V. and {Absil}, O. and {Mawet}, D. and {Huby}, E. and {Choquet}, E. and {Gomez Gonzalez}, C.~A. and {Ruane}, G. and {Femenia}, B. and {Serabyn}, E. and {Matthews}, K. and {Barraza}, M. and {Carlomagno}, B. and {Defr{\`e}re}, D. and {Delacroix}, C. and {Habraken}, S. and {Jolivet}, A. and {Karlsson}, M. and {Orban de Xivry}, G. and {Piron}, P. and {Surdej}, J. and {Vargas Catalan}, E. and {Wertz}, O.},
        title = "{Discovery of a point-like source and a third spiral arm in the transition disk around the Herbig Ae star MWC 758}",
      journal = {\aap},
     keywords = {protoplanetary disks, planet-disk interactions, stars: pre-main sequence, stars: individual: MWC 758 (HD 36112), Astrophysics - Earth and Planetary Astrophysics},
         year = 2018,
        month = mar,
       volume = {611},
          eid = {A74},
        pages = {A74},
          doi = {10.1051/0004-6361/201732016},
archivePrefix = {arXiv},
       eprint = {1710.11393},
 primaryClass = {astro-ph.EP},
       adsurl = {https://ui.adsabs.harvard.edu/abs/2018A&A...611A..74R},
      adsnote = {Provided by the SAO/NASA Astrophysics Data System}, 
      url = {https://doi.org/10.1051/0004-6361/201732016}
}

@ARTICLE{cugno2019,
       author = {{Cugno}, G. and {Quanz}, S.~P. and {Hunziker}, S. and {Stolker}, T. and {Schmid}, H.~M. and {Avenhaus}, H. and {Baudoz}, P. and {Bohn}, A.~J. and {Bonnefoy}, M. and {Buenzli}, E. and {Chauvin}, G. and {Cheetham}, A. and {Desidera}, S. and {Dominik}, C. and {Feautrier}, P. and {Feldt}, M. and {Ginski}, C. and {Girard}, J.~H. and {Gratton}, R. and {Hagelberg}, J. and {Hugot}, E. and {Janson}, M. and {Lagrange}, A. -M. and {Langlois}, M. and {Magnard}, Y. and {Maire}, A. -L. and {Menard}, F. and {Meyer}, M. and {Milli}, J. and {Mordasini}, C. and {Pinte}, C. and {Pragt}, J. and {Roelfsema}, R. and {Rigal}, F. and {Szul{\'a}gyi}, J. and {van Boekel}, R. and {van der Plas}, G. and {Vigan}, A. and {Wahhaj}, Z. and {Zurlo}, A.},
        title = "{A search for accreting young companions embedded in circumstellar disks. High-contrast H{\ensuremath{\alpha}} imaging with VLT/SPHERE}",
      journal = {\aap},
     keywords = {planet-disk interactions, planetary systems, techniques: high angular resolution, planets and satellites: detection, Astrophysics - Earth and Planetary Astrophysics},
         year = 2019,
        month = feb,
       volume = {622},
          eid = {A156},
        pages = {A156},
          doi = {10.1051/0004-6361/201834170},
archivePrefix = {arXiv},
       eprint = {1812.06993},
 primaryClass = {astro-ph.EP},
       adsurl = {https://ui.adsabs.harvard.edu/abs/2019A&A...622A.156C},
      adsnote = {Provided by the SAO/NASA Astrophysics Data System}, 
      url = {https://doi.org/10.1051/0004-6361/201834170}
}

@ARTICLE{huelamo2011,
       author = {{Hu{\'e}lamo}, N. and {Lacour}, S. and {Tuthill}, P. and {Ireland}, M. and {Kraus}, A. and {Chauvin}, G.},
        title = "{A companion candidate in the gap of the T Chamaeleontis transitional disk}",
      journal = {\aap},
     keywords = {planetary systems, stars: individual: T Cha, brown dwarfs, instrumentation: adaptive optics, instrumentation: high angular resolution, Astrophysics - Solar and Stellar Astrophysics},
         year = 2011,
        month = apr,
       volume = {528},
          eid = {L7},
        pages = {L7},
          doi = {10.1051/0004-6361/201016395},
archivePrefix = {arXiv},
       eprint = {1102.4982},
 primaryClass = {astro-ph.SR},
       adsurl = {https://ui.adsabs.harvard.edu/abs/2011A&A...528L...7H},
      adsnote = {Provided by the SAO/NASA Astrophysics Data System}, 
      url = {https://doi.org/10.1051/0004-6361/201016395}
}

@ARTICLE{quanz2013,
       author = {{Quanz}, Sascha P. and {Amara}, Adam and {Meyer}, Michael R. and {Kenworthy}, Matthew A. and {Kasper}, Markus and {Girard}, Julien H.},
        title = "{A Young Protoplanet Candidate Embedded in the Circumstellar Disk of HD 100546}",
      journal = {\apjl},
     keywords = {planet-disk interactions, planets and satellites: formation, protoplanetary disks, stars: formation, stars: individual: HD 100546, Astrophysics - Astrophysics of Galaxies, Astrophysics - Earth and Planetary Astrophysics},
         year = 2013,
        month = mar,
       volume = {766},
       number = {1},
          eid = {L1},
        pages = {L1},
          doi = {10.1088/2041-8205/766/1/L1},
archivePrefix = {arXiv},
       eprint = {1302.7122},
 primaryClass = {astro-ph.GA},
       adsurl = {https://ui.adsabs.harvard.edu/abs/2013ApJ...766L...1Q},
      adsnote = {Provided by the SAO/NASA Astrophysics Data System}, 
      url = {https://dx.doi.org/10.1088/2041-8205/766/1/L1}
}

@ARTICLE{quanz2015,
       author = {{Quanz}, Sascha P. and {Amara}, Adam and {Meyer}, Michael R. and {Girard}, Julien H. and {Kenworthy}, Matthew A. and {Kasper}, Markus},
        title = "{Confirmation and Characterization of the Protoplanet HD 100546 b{\textemdash}Direct Evidence for Gas Giant Planet Formation at 50 AU}",
      journal = {\apj},
     keywords = {planet{\textendash}disk interactions, planets and satellites: detection, planets and satellites: formation, planets and satellites: gaseous planets, protoplanetary disks, stars: pre-main sequence, Astrophysics - Solar and Stellar Astrophysics, Astrophysics - Earth and Planetary Astrophysics},
         year = 2015,
        month = jul,
       volume = {807},
       number = {1},
          eid = {64},
        pages = {64},
          doi = {10.1088/0004-637X/807/1/64},
archivePrefix = {arXiv},
       eprint = {1412.5173},
 primaryClass = {astro-ph.SR},
       adsurl = {https://ui.adsabs.harvard.edu/abs/2015ApJ...807...64Q},
      adsnote = {Provided by the SAO/NASA Astrophysics Data System}, 
      url = {https://dx.doi.org/10.1088/0004-637X/807/1/64}
}

@ARTICLE{currie2015,
       author = {{Currie}, Thayne and {Cloutier}, Ryan and {Brittain}, Sean and {Grady}, Carol and {Burrows}, Adam and {Muto}, Takayuki and {Kenyon}, Scott J. and {Kuchner}, Marc J.},
        title = "{Resolving the HD 100546 Protoplanetary System with the Gemini Planet Imager: Evidence for Multiple Forming, Accreting Planets}",
      journal = {\apjl},
     keywords = {planetary systems, stars: early-type, stars: individual: HD 100546, Astrophysics - Earth and Planetary Astrophysics, Astrophysics - Instrumentation and Methods for Astrophysics, Astrophysics - Solar and Stellar Astrophysics},
         year = 2015,
        month = dec,
       volume = {814},
       number = {2},
          eid = {L27},
        pages = {L27},
          doi = {10.1088/2041-8205/814/2/L27},
archivePrefix = {arXiv},
       eprint = {1511.02526},
 primaryClass = {astro-ph.EP},
       adsurl = {https://ui.adsabs.harvard.edu/abs/2015ApJ...814L..27C},
      adsnote = {Provided by the SAO/NASA Astrophysics Data System}, 
      url = {https://dx.doi.org/10.1088/2041-8205/814/2/L27}
}

@ARTICLE{follette2017,
       author = {{Follette}, Katherine B. and {Rameau}, Julien and {Dong}, Ruobing and {Pueyo}, Laurent and {Close}, Laird M. and {Duch{\^e}ne}, Gaspard and {Fung}, Jeffrey and {Leonard}, Clare and {Macintosh}, Bruce and {Males}, Jared R. and {Marois}, Christian and {Millar-Blanchaer}, Maxwell A. and {Morzinski}, Katie M. and {Mullen}, Wyatt and {Perrin}, Marshall and {Spiro}, Elijah and {Wang}, Jason and {Ammons}, S. Mark and {Bailey}, Vanessa P. and {Barman}, Travis and {Bulger}, Joanna and {Chilcote}, Jeffrey and {Cotten}, Tara and {De Rosa}, Robert J. and {Doyon}, Rene and {Fitzgerald}, Michael P. and {Goodsell}, Stephen J. and {Graham}, James R. and {Greenbaum}, Alexandra Z. and {Hibon}, Pascale and {Hung}, Li-Wei and {Ingraham}, Patrick and {Kalas}, Paul and {Konopacky}, Quinn and {Larkin}, James E. and {Maire}, J{\'e}r{\^o}me and {Marchis}, Franck and {Metchev}, Stanimir and {Nielsen}, Eric L. and {Oppenheimer}, Rebecca and {Palmer}, David and {Patience}, Jennifer and {Poyneer}, Lisa and {Rajan}, Abhijith and {Rantakyr{\"o}}, Fredrik T. and {Savransky}, Dmitry and {Schneider}, Adam C. and {Sivaramakrishnan}, Anand and {Song}, Inseok and {Soummer}, Remi and {Thomas}, Sandrine and {Vega}, David and {Wallace}, J. Kent and {Ward-Duong}, Kimberly and {Wiktorowicz}, Sloane and {Wolff}, Schuyler},
        title = "{Complex Spiral Structure in the HD 100546 Transitional Disk as Revealed by GPI and MagAO}",
      journal = {\aj},
     keywords = {instrumentation: adaptive optics, planet{\textendash}disk interactions, protoplanetary disks, stars: individual: HD 100546, Astrophysics - Earth and Planetary Astrophysics},
         year = 2017,
        month = jun,
       volume = {153},
       number = {6},
          eid = {264},
        pages = {264},
          doi = {10.3847/1538-3881/aa6d85},
archivePrefix = {arXiv},
       eprint = {1704.06260},
 primaryClass = {astro-ph.EP},
       adsurl = {https://ui.adsabs.harvard.edu/abs/2017AJ....153..264F},
      adsnote = {Provided by the SAO/NASA Astrophysics Data System}, 
      url = {https://dx.doi.org/10.3847/1538-3881/aa6d85}
}

@ARTICLE{follette2022,
       author = {{Follette}, Katherine B. and {Close}, Laird M. and {Males}, Jared R. and {Ward-Duong}, Kimberly and {Balmer}, William O. and {Adams Redai}, Jea and {Morales}, Julio and {Sarosi}, Catherine and {Dacus}, Beck and {De Rosa}, Robert J. and {Garcia Toro}, Fernando and {Leonard}, Clare and {Macintosh}, Bruce and {Morzinski}, Katie M. and {Mullen}, Wyatt and {Palmo}, Joseph and {Nzaba Saitoti}, Raymond and {Spiro}, Elijah and {Treiber}, Helena and {Wang}, Jason and {Wang}, David and {Watson}, Alex and {Weinberger}, Alycia J.},
        title = "{The Giant Accreting Protoplanet Survey (GAPlanetS) -- Results from a Six Year Campaign to Image Accreting Protoplanets}",
      journal = {arXiv e-prints},
     keywords = {Astrophysics - Earth and Planetary Astrophysics, Astrophysics - Instrumentation and Methods for Astrophysics},
         year = 2022,
        month = nov,
          eid = {arXiv:2211.02109},
        pages = {arXiv:2211.02109},
archivePrefix = {arXiv},
       eprint = {2211.02109},
 primaryClass = {astro-ph.EP},
       adsurl = {https://ui.adsabs.harvard.edu/abs/2022arXiv221102109F},
      adsnote = {Provided by the SAO/NASA Astrophysics Data System}, 
      url = {https://ui.adsabs.harvard.edu/abs/2022arXiv221102109F}
}

@ARTICLE{mendigutia2017,
       author = {{Mendigut{\'\i}a}, I. and {Oudmaijer}, R.~D. and {Garufi}, A. and {Lumsden}, S.~L. and {Hu{\'e}lamo}, N. and {Cheetham}, A. and {de Wit}, W.~J. and {Norris}, B. and {Olguin}, F.~A. and {Tuthill}, P.},
        title = "{The protoplanetary system HD 100546 in H{\ensuremath{\alpha}} polarized light from SPHERE/ZIMPOL. A bar-like structure across the disk gap?}",
      journal = {\aap},
     keywords = {stars: pre-main sequence, stars: variables: T Tauri, Herbig Ae/Be, circumstellar matter, protoplanetary disks, planet-disk interactions, techniques: high angular resolution, Astrophysics - Solar and Stellar Astrophysics, Astrophysics - Earth and Planetary Astrophysics, Astrophysics - Instrumentation and Methods for Astrophysics},
         year = 2017,
        month = dec,
       volume = {608},
          eid = {A104},
        pages = {A104},
          doi = {10.1051/0004-6361/201731131},
archivePrefix = {arXiv},
       eprint = {1711.00023},
 primaryClass = {astro-ph.SR},
       adsurl = {https://ui.adsabs.harvard.edu/abs/2017A&A...608A.104M},
      adsnote = {Provided by the SAO/NASA Astrophysics Data System}, 
      url = {https://doi.org/10.1051/0004-6361/201731131}
}

@ARTICLE{malbet2008,
       author = {{Malbet}, F. and {Duvert}, G. and {Chelli}, A. and {Kern}, P.},
        title = "{AMBER Task Force February 2008 run report}",
      journal = {arXiv e-prints},
     keywords = {Astrophysics},
         year = 2008,
        month = aug,
          eid = {arXiv:0808.1315},
        pages = {arXiv:0808.1315},
archivePrefix = {arXiv},
       eprint = {0808.1315},
 primaryClass = {astro-ph},
       adsurl = {https://ui.adsabs.harvard.edu/abs/2008arXiv0808.1315M},
      adsnote = {Provided by the SAO/NASA Astrophysics Data System}, 
      url = {https://doi.org/10.48550/arXiv.0808.1315}
}

@ARTICLE{petrov2007,
       author = {{Petrov}, R.~G. and {Malbet}, F. and {Weigelt}, G. and {Antonelli}, P. and {Beckmann}, U. and {Bresson}, Y. and {Chelli}, A. and {Dugu{\'e}}, M. and {Duvert}, G. and {Gennari}, S. and {Gl{\"u}ck}, L. and {Kern}, P. and {Lagarde}, S. and {Le Coarer}, E. and {Lisi}, F. and {Millour}, F. and {Perraut}, K. and {Puget}, P. and {Rantakyr{\"o}}, F. and {Robbe-Dubois}, S. and {Roussel}, A. and {Salinari}, P. and {Tatulli}, E. and {Zins}, G. and {Accardo}, M. and {Acke}, B. and {Agabi}, K. and {Altariba}, E. and {Arezki}, B. and {Aristidi}, E. and {Baffa}, C. and {Behrend}, J. and {Bl{\"o}cker}, T. and {Bonhomme}, S. and {Busoni}, S. and {Cassaing}, F. and {Clausse}, J. -M. and {Colin}, J. and {Connot}, C. and {Delboulb{\'e}}, A. and {Domiciano de Souza}, A. and {Driebe}, T. and {Feautrier}, P. and {Ferruzzi}, D. and {Forveille}, T. and {Fossat}, E. and {Foy}, R. and {Fraix-Burnet}, D. and {Gallardo}, A. and {Giani}, E. and {Gil}, C. and {Glentzlin}, A. and {Heiden}, M. and {Heininger}, M. and {Hernandez Utrera}, O. and {Hofmann}, K. -H. and {Kamm}, D. and {Kiekebusch}, M. and {Kraus}, S. and {Le Contel}, D. and {Le Contel}, J. -M. and {Lesourd}, T. and {Lopez}, B. and {Lopez}, M. and {Magnard}, Y. and {Marconi}, A. and {Mars}, G. and {Martinot-Lagarde}, G. and {Mathias}, P. and {M{\`e}ge}, P. and {Monin}, J. -L. and {Mouillet}, D. and {Mourard}, D. and {Nussbaum}, E. and {Ohnaka}, K. and {Pacheco}, J. and {Perrier}, C. and {Rabbia}, Y. and {Rebattu}, S. and {Reynaud}, F. and {Richichi}, A. and {Robini}, A. and {Sacchettini}, M. and {Schertl}, D. and {Sch{\"o}ller}, M. and {Solscheid}, W. and {Spang}, A. and {Stee}, P. and {Stefanini}, P. and {Tallon}, M. and {Tallon-Bosc}, I. and {Tasso}, D. and {Testi}, L. and {Vakili}, F. and {von der L{\"u}he}, O. and {Valtier}, J. -C. and {Vannier}, M. and {Ventura}, N.},
        title = "{AMBER, the near-infrared spectro-interferometric three-telescope VLTI instrument}",
      journal = {\aap},
     keywords = {instrumentation: high angular resolution, techniques:, interferometric, techniques: spectroscopic},
         year = 2007,
        month = mar,
       volume = {464},
       number = {1},
        pages = {1-12},
          doi = {10.1051/0004-6361:20066496},
       adsurl = {https://ui.adsabs.harvard.edu/abs/2007A&A...464....1P},
      adsnote = {Provided by the SAO/NASA Astrophysics Data System}, 
      url = {https://doi.org/10.1051/0004-6361:20066496}
}

@ARTICLE{argyriou2020,
       author = {{Argyriou}, Ioannis and {Wells}, Martyn and {Glasse}, Alistair and {Lee}, David and {Royer}, Pierre and {Vandenbussche}, Bart and {Malumuth}, Eliot and {Glauser}, Adrian and {Kavanagh}, Patrick J. and {Labiano}, Alvaro and {Lahuis}, Fred and {Mueller}, Michael and {Patapis}, Polychronis},
        title = "{The nature of point source fringes in mid-infrared spectra acquired with the James Webb Space Telescope}",
      journal = {\aap},
     keywords = {instrumentation: detectors, instrumentation: spectrographs, methods: data analysis, infrared: general, Astrophysics - Instrumentation and Methods for Astrophysics},
         year = 2020,
        month = sep,
       volume = {641},
          eid = {A150},
        pages = {A150},
          doi = {10.1051/0004-6361/202037535},
archivePrefix = {arXiv},
       eprint = {2007.16143},
 primaryClass = {astro-ph.IM},
       adsurl = {https://ui.adsabs.harvard.edu/abs/2020A&A...641A.150A},
      adsnote = {Provided by the SAO/NASA Astrophysics Data System}, 
      url = {https://doi.org/10.1051/0004-6361/202037535}
}

@phdthesis{huby2013these,
  TITLE = {Caract{\'e}risation de syst{\`e}mes binaires par imagerie haute dynamique non redondante fibr{\'e}e},
  AUTHOR = {Huby, Elsa},
  URL = {https://theses.hal.science/tel-00951542},
  SCHOOL = {{Observatoire de Paris}},
  YEAR = {2013},
  MONTH = Dec,
  KEYWORDS = {high dynamic range imaging ; high angular resolution ; binary systems ; single-mode fibers ; pupil remapping ; non redundant masking ; Capella ; fibres optiques monomodes ; r{\'e}arrangement de pupille ; masquage non redondant ; imagerie haute dynamique ; haute r{\'e}solution angulaire ; syst{\`e}mes binaires},
  TYPE = {Theses},
  PDF = {https://theses.hal.science/tel-00951542/file/These_HUBY_Elsa_numerique.pdf},
  HAL_ID = {tel-00951542},
  HAL_VERSION = {v1},
}

@ARTICLE{fernandes2019,
       author = {{Fernandes}, Rachel B. and {Mulders}, Gijs D. and {Pascucci}, Ilaria and {Mordasini}, Christoph and {Emsenhuber}, Alexandre},
        title = "{Hints for a Turnover at the Snow Line in the Giant Planet Occurrence Rate}",
      journal = {\apj},
     keywords = {methods: statistical, planetary systems, planets and satellites: formation, protoplanetary disks, surveys, Astrophysics - Solar and Stellar Astrophysics},
         year = 2019,
        month = mar,
       volume = {874},
       number = {1},
          eid = {81},
        pages = {81},
          doi = {10.3847/1538-4357/ab0300},
archivePrefix = {arXiv},
       eprint = {1812.05569},
 primaryClass = {astro-ph.SR},
       adsurl = {https://ui.adsabs.harvard.edu/abs/2019ApJ...874...81F},
      adsnote = {Provided by the SAO/NASA Astrophysics Data System}, 
      url = {https://dx.doi.org/10.3847/1538-4357/ab0300}
}

@ARTICLE{lacour2007,
       author = {{Lacour}, S. and {Thi{\'e}baut}, E. and {Perrin}, G.},
        title = "{High dynamic range imaging with a single-mode pupil remapping system: a self-calibration algorithm for redundant interferometric arrays}",
      journal = {\mnras},
     keywords = {atmospheric effects, instrumentation: adaptive optics, techniques: high angular resolution, techniques: interferometric, stars: imaging, planetary systems, Astrophysics},
         year = 2007,
        month = jan,
       volume = {374},
       number = {3},
        pages = {832-846},
          doi = {10.1111/j.1365-2966.2006.11198.x},
archivePrefix = {arXiv},
       eprint = {astro-ph/0610458},
 primaryClass = {astro-ph},
       adsurl = {https://ui.adsabs.harvard.edu/abs/2007MNRAS.374..832L},
      adsnote = {Provided by the SAO/NASA Astrophysics Data System}, 
      url = {https://doi.org/10.1111/j.1365-2966.2006.11198.x}
}

@ARTICLE{weigelt1977,
       author = {{Weigelt}, G.~P.},
        title = "{Modified astronomical speckle interferometry ``speckle masking''}",
      journal = {Optics Communications},
     keywords = {Astronomical Photography, Binary Stars, Interferometry, Masking, Optical Correction Procedure, Speckle Patterns, Reconstruction, Reference Stars, Signal Processing, Stellar Spectrophotometry, Astronomy},
         year = 1977,
        month = apr,
       volume = {21},
       number = {1},
        pages = {55-59},
          doi = {10.1016/0030-4018(77)90077-3},
       adsurl = {https://ui.adsabs.harvard.edu/abs/1977OptCo..21...55W},
      adsnote = {Provided by the SAO/NASA Astrophysics Data System}, 
      url = {https://doi.org/10.1016/0030-4018(77)90077-3}
}

@ARTICLE{lohmann1983,
       author = {{Lohmann}, A.~W. and {Weigelt}, G. and {Wirnitzer}, B.},
        title = "{Speckle masking in astronomy: triple correlation theory and applications.}",
      journal = {\ao},
     keywords = {Astronomical Photography, Image Reconstruction, Interferometry, Masking, Speckle Patterns, Spectral Correlation, Algorithms, Angular Resolution, Fourier Transformation, High Resolution, Image Processing, Telescopes, Astronomy, Methods of Reduction:Speckle Interferometry, Speckle Interferometry:Methods of Reduction},
         year = 1983,
        month = dec,
       volume = {22},
        pages = {4028-4037},
          doi = {10.1364/AO.22.004028},
       adsurl = {https://ui.adsabs.harvard.edu/abs/1983ApOpt..22.4028L},
      adsnote = {Provided by the SAO/NASA Astrophysics Data System}, 
      url = {https://doi.org/10.1364/AO.22.004028}
}

@INPROCEEDINGS{martin2020,
       author = {{Martin}, G. and {Foin}, M. and {Cassagnettes}, C. and {Ulliac}, G. and {Courjal}, N. and {Barjot}, K. and {Cvetojevic}, N. and {Vievard}, S. and {Lapeyrere}, V. and {Huby}, E. and {Lacour}, S.},
        title = "{Recent results on electro-optic visible multi-telescope beam combiner for next generation FIRST/SUBARU instruments: hybrid and passive devices}",
    booktitle = {Society of Photo-Optical Instrumentation Engineers (SPIE) Conference Series},
         year = 2020,
       series = {Society of Photo-Optical Instrumentation Engineers (SPIE) Conference Series},
       volume = {11446},
        month = dec,
          eid = {1144626},
        pages = {1144626},
          doi = {10.1117/12.2562171},
       adsurl = {https://ui.adsabs.harvard.edu/abs/2020SPIE11446E..26M},
      adsnote = {Provided by the SAO/NASA Astrophysics Data System}, 
      url = {https://doi.org/10.1117/12.2562171}
}

@PHDTHESIS{labeye2008,
    url = "http://www.theses.fr/2008INPG0008",
    title = "Composants optiques intégrés pour l’interférométrie astronomique",
    author = "Labeye, Pierre",
    SCHOOL = {{Université Grenoble-Alpes}},
    year = "2008",
    pages = "1 vol. (178 p.)",
    note = "Thèse de doctorat dirigée par Broquin, Jean-Emmanuel Optique et radiofréquence Grenoble INPG 2008"
}

@INPROCEEDINGS{lallement2022,
       author = {{Lallement}, Manon and {Lacour}, Sylvestre and {Huby}, Elsa and {Martin}, Guillermo and {Barjot}, Kevin and {Perrin}, Guy and {Rouan}, Daniel and {Lapeyrere}, Vincent and {Vievard}, S{\'e}bastien and {Guyon}, Olivier and {Lozi}, Julien and {Deo}, Vincent and {Kotani}, Takayuki and {Pham}, Cecil and {Cassagnettes}, Cedric and {Billat}, Adrien and {Cvetojevic}, Nick and {Marchis}, Franck},
        title = "{Photonic chip for visible interferometry: laboratory characterization and comparison with the theoretical model}",
    booktitle = {Society of Photo-Optical Instrumentation Engineers (SPIE) Conference Series},
         year = 2022,
       series = {Society of Photo-Optical Instrumentation Engineers (SPIE) Conference Series},
       volume = {12188},
        month = aug,
          eid = {121882F},
        pages = {121882F},
          doi = {10.1117/12.2629449},
       adsurl = {https://ui.adsabs.harvard.edu/abs/2022SPIE12188E..2FL},
      adsnote = {Provided by the SAO/NASA Astrophysics Data System}, 
      url = {https://doi.org/10.1117/12.2629449}
}

@INPROCEEDINGS{martin2022a,
       author = {{Martin}, G. and {Morand}, A. and {d'Amico}, C. and {Stoian}, R. and {Barjot}, K. and {Lallement}, M. and {Cvetojevic}, N. and {Vievard}, S. and {Huby}, E. and {Lacour}, S. and {Deo}, V. and {Guyon}, O. and {Lv}, J. and {Zhang}, G. and {Cheng}, G.},
        title = "{FIRST 5T 3D: a laser written device for FIRST/SUBARU reducing crosstalk and propagation losses}",
    booktitle = {Society of Photo-Optical Instrumentation Engineers (SPIE) Conference Series},
         year = 2022,
       series = {Society of Photo-Optical Instrumentation Engineers (SPIE) Conference Series},
       volume = {12188},
        month = aug,
          eid = {121882T},
        pages = {121882T},
          doi = {10.1117/12.2630010},
       adsurl = {https://ui.adsabs.harvard.edu/abs/2022SPIE12188E..2TM},
      adsnote = {Provided by the SAO/NASA Astrophysics Data System},
      url = {https://doi.org/10.1117/12.2630010}
}

@INPROCEEDINGS{martin2022b,
       author = {{Martin}, G. and {Foin}, M. and {Phatak}, S. and {Beldjoudi}, M. and {Billat}, A. and {Cassagnettes}, C. and {Coste}, A. and {Courjal}, N. and {Lallement}, M. and {Barjot}, K. and {Cvetojevic}, N. and {Vievard}, S. and {Huby}, E. and {Lacour}, S. and {Deo}, V. and {Guyon}, O.},
        title = "{Hybrid electro-optic visible multi-telescope beam combiner for next generation FIRST/SUBARU instruments}",
    booktitle = {Society of Photo-Optical Instrumentation Engineers (SPIE) Conference Series},
         year = 2022,
       series = {Society of Photo-Optical Instrumentation Engineers (SPIE) Conference Series},
       volume = {12188},
        month = aug,
          eid = {121885Y},
        pages = {121885Y},
          doi = {10.1117/12.2630039},
       adsurl = {https://ui.adsabs.harvard.edu/abs/2022SPIE12188E..5YM},
      adsnote = {Provided by the SAO/NASA Astrophysics Data System},
      url = {https://doi.org/10.1117/12.2630039}
}

@INPROCEEDINGS{guyon2020,
       author = {{Guyon}, Olivier and {Sevin}, Arnaud and {Ferreira}, Florian and {Ltaief}, Hatem and {Males}, Jared and {Deo}, Vincent and {Gratadour}, Damien and {Cetre}, Sylvain and {Martinache}, Frantz and {Lozi}, Julien and {Vievard}, Sebastien and {Fruitwala}, Neelay and {Bos}, Steven and {Skaf}, Nour},
        title = "{Adaptive optics real-time control with the compute and control for adaptive optics (Cacao) software framework}",
    booktitle = {Society of Photo-Optical Instrumentation Engineers (SPIE) Conference Series},
         year = 2020,
       series = {Society of Photo-Optical Instrumentation Engineers (SPIE) Conference Series},
       volume = {11448},
        month = dec,
          eid = {114482N},
        pages = {114482N},
          doi = {10.1117/12.2562822},
       adsurl = {https://ui.adsabs.harvard.edu/abs/2020SPIE11448E..2NG},
      adsnote = {Provided by the SAO/NASA Astrophysics Data System}, 
      url = {https://doi.org/10.1117/12.2562822}
}

@ARTICLE{martinod2021,
       author = {{Martinod}, Marc-Antoine and {Norris}, Barnaby and {Tuthill}, Peter and {Lagadec}, Tiphaine and {Jovanovic}, Nemanja and {Cvetojevic}, Nick and {Gross}, Simon and {Arriola}, Alexander and {Gretzinger}, Thomas and {Withford}, Michael J. and {Guyon}, Olivier and {Lozi}, Julien and {Vievard}, S{\'e}bastien and {Deo}, Vincent and {Lawrence}, Jon S. and {Leon-Saval}, Sergio},
        title = "{Scalable photonic-based nulling interferometry with the dispersed multi-baseline GLINT instrument}",
      journal = {Nature Communications},
         year = 2021,
        month = jan,
       volume = {12},
          eid = {2465},
        pages = {2465},
          doi = {10.1038/s41467-021-22769-x},
       adsurl = {https://ui.adsabs.harvard.edu/abs/2021NatCo..12.2465M},
      adsnote = {Provided by the SAO/NASA Astrophysics Data System}, 
      url = {https://doi.org/10.1038/s41467-021-22769-x}
}

@ARTICLE{leonsaval2005,
       author = {{Leon-Saval}, S.~G. and {Birks}, T.~A. and {Bland-Hawthorn}, J. and {Englund}, M.},
        title = "{Multimode fiber devices with single-mode performance}",
      journal = {Optics Letters},
     keywords = {optical fibre losses, photonic crystals, optical fibre filters, Fiber optics components, Fibers, single-mode},
         year = 2005,
        month = oct,
       volume = {30},
       number = {19},
        pages = {2545-2547},
          doi = {10.1364/OL.30.002545},
       adsurl = {https://ui.adsabs.harvard.edu/abs/2005OptL...30.2545L},
      adsnote = {Provided by the SAO/NASA Astrophysics Data System}, 
      url = {https://doi.org/10.1364/OL.30.002545}
}

@ARTICLE{norris2020,
       author = {{Norris}, Barnaby R.~M. and {Wei}, Jin and {Betters}, Christopher H. and {Wong}, Alison and {Leon-Saval}, Sergio G.},
        title = "{An all-photonic focal-plane wavefront sensor}",
      journal = {Nature Communications},
     keywords = {Astrophysics - Instrumentation and Methods for Astrophysics},
         year = 2020,
        month = oct,
       volume = {11},
          eid = {5335},
        pages = {5335},
          doi = {10.1038/s41467-020-19117-w},
archivePrefix = {arXiv},
       eprint = {2003.05158},
 primaryClass = {astro-ph.IM},
       adsurl = {https://ui.adsabs.harvard.edu/abs/2020NatCo..11.5335N},
      adsnote = {Provided by the SAO/NASA Astrophysics Data System}, 
      url = {https://doi.org/10.1038/s41467-020-19117-w}
}

